@phdthesis{clements2006portable,
  title={Portable and high-level access to the stack with Continuation Marks},
  author={Clements, J.},
  year={2006},
  school={Northeastern University Boston}
}

@article{hudak1992report,
  title={Report on the programming language Haskell: a non-strict, purely functional language version 1.2},
  author={Hudak, P. and Peyton Jones, S. and Wadler, P. and Boutel, B. and Fairbairn, J. and Fasel, J. and Guzm{\'a}n, M.M. and Hammond, K. and Hughes, J. and Johnsson, T. and others},
  journal={ACM SigPlan notices},
  volume={27},
  number={5},
  pages={1--164},
  year={1992},
  publisher={ACM}
}

@article{liang2009modular,
  title={Modular Monadic Semantics},
  author={Liang, S. and Hudak, P.},
  year={2009}
}

@book{moggi1990abstract,
  title={An abstract view of programming languages},
  author={Moggi, E. and University of Edinburgh. Laboratory for Foundation of Computer Science},
  year={1990},
  publisher={University of Edinburgh, Department of Computer Science, Laboratory for Foundations of Computer Science}
}

@inproceedings{moggi1989computational,
  title={Computational lambda-calculus and monads},
  author={Moggi, E.},
  booktitle={Logic in Computer Science, 1989. LICS'89, Proceedings., Fourth Annual Symposium on},
  pages={14--23},
  year={1989},
  organization={IEEE}
}